@article{ProxandFedRR,
  doi = {10.48550/ARXIV.2102.06704},
  url = {https://arxiv.org/abs/2102.06704},
  author = {Mishchenko, Konstantin and Khaled, Ahmed and Richtárik, Peter},
  keywords = {Machine Learning (cs.LG), Optimization and Control (math.OC), FOS: Computer and information sciences, FOS: Computer and information sciences, FOS: Mathematics, FOS: Mathematics},
  title = {Proximal and Federated Random Reshuffling},
  publisher = {arXiv},
  year = {2021},
  copyright = {arXiv.org perpetual, non-exclusive license}
}

@article{RRwithVarRed,
  doi = {10.48550/ARXIV.2104.09342},
  
  url = {https://arxiv.org/abs/2104.09342},
  
  author = {Malinovsky, Grigory and Sailanbayev, Alibek and Richtárik, Peter},
  
  keywords = {Machine Learning (cs.LG), Artificial Intelligence (cs.AI), Optimization and Control (math.OC), FOS: Computer and information sciences, FOS: Computer and information sciences, FOS: Mathematics, FOS: Mathematics},
  
  title = {Random Reshuffling with Variance Reduction: New Analysis and Better Rates},
  
  publisher = {arXiv},
  
  year = {2021},
  
  copyright = {arXiv.org perpetual, non-exclusive license}
}

@article{ServerSideStepsizes,
  doi = {10.48550/ARXIV.2201.11066},
  
  url = {https://arxiv.org/abs/2201.11066},
  
  author = {Malinovsky, Grigory and Mishchenko, Konstantin and Richtárik, Peter},
  
  keywords = {Machine Learning (cs.LG), Optimization and Control (math.OC), FOS: Computer and information sciences, FOS: Computer and information sciences, FOS: Mathematics, FOS: Mathematics},
  
  title = {Server-Side Stepsizes and Sampling Without Replacement Provably Help in Federated Optimization},
  
  publisher = {arXiv},
  
  year = {2022},
  
  copyright = {arXiv.org perpetual, non-exclusive license}
}

@article{GDwithCI,
  doi = {10.48550/ARXIV.1909.04716},
  
  url = {https://arxiv.org/abs/1909.04716},
  
  author = {Khaled, Ahmed and Richtárik, Peter},
  
  keywords = {Machine Learning (cs.LG), Distributed, Parallel, and Cluster Computing (cs.DC), Numerical Analysis (math.NA), Optimization and Control (math.OC), Machine Learning (stat.ML), FOS: Computer and information sciences, FOS: Computer and information sciences, FOS: Mathematics, FOS: Mathematics},
  
  title = {Gradient Descent with Compressed Iterates},
  
  publisher = {arXiv},
  
  year = {2019},
  
  copyright = {arXiv.org perpetual, non-exclusive license}
}

@article{DistributedFPMwithCI,
  doi = {10.48550/ARXIV.1912.09925},
  
  url = {https://arxiv.org/abs/1912.09925},
  
  author = {Chraibi, Sélim and Khaled, Ahmed and Kovalev, Dmitry and Richtárik, Peter and Salim, Adil and Takáč, Martin},
  
  keywords = {Machine Learning (cs.LG), Distributed, Parallel, and Cluster Computing (cs.DC), Numerical Analysis (math.NA), Optimization and Control (math.OC), FOS: Computer and information sciences, FOS: Computer and information sciences, FOS: Mathematics, FOS: Mathematics},
  
  title = {Distributed Fixed Point Methods with Compressed Iterates},
  
  publisher = {arXiv},
  
  year = {2019},
  
  copyright = {arXiv.org perpetual, non-exclusive license}
}

@article{RRSimpAnalysis,
  doi = {10.48550/ARXIV.2006.05988},
  
  url = {https://arxiv.org/abs/2006.05988},
  
  author = {Mishchenko, Konstantin and Khaled, Ahmed and Richtárik, Peter},
  
  keywords = {Optimization and Control (math.OC), Machine Learning (cs.LG), Machine Learning (stat.ML), FOS: Mathematics, FOS: Mathematics, FOS: Computer and information sciences, FOS: Computer and information sciences},
  
  title = {Random Reshuffling: Simple Analysis with Vast Improvements},
  
  publisher = {arXiv},
  
  year = {2020},
  
  copyright = {arXiv.org perpetual, non-exclusive license}
}
